<record><leader>00000cas a2200000 a 4500</leader><controlfield tag="001">12101153</controlfield><controlfield tag="008">850531d19231989okudr ne      0    0eng  </controlfield><datafield ind1=" " ind2=" " tag="010"><subfield code="a">sn 85042302 </subfield></datafield><datafield ind1=" " ind2=" " tag="040"><subfield code="a">DLC</subfield><subfield code="b">eng</subfield><subfield code="c">DLC</subfield><subfield code="d">CNW</subfield><subfield code="d">OBN</subfield><subfield code="d">OCLCQ</subfield><subfield code="d">DLC</subfield><subfield code="d">OCLCQ</subfield><subfield code="d">OCLCO</subfield><subfield code="d">OCLCF</subfield></datafield><datafield ind1="1" ind2=" " tag="029"><subfield code="a">AU@</subfield><subfield code="b">000020379949</subfield></datafield><datafield ind1=" " ind2=" " tag="042"><subfield code="a">pcc</subfield></datafield><datafield ind1=" " ind2=" " tag="043"><subfield code="a">n-us-ok</subfield></datafield><datafield ind1="0" ind2="0" tag="050"><subfield code="a">Newspaper 7002</subfield></datafield><datafield ind1="0" ind2=" " tag="130"><subfield code="a">Enid morning news (Enid, Okla. : 1923)</subfield></datafield><datafield ind1="1" ind2="4" tag="245"><subfield code="a">The Enid morning news.</subfield></datafield><datafield ind1="3" ind2=" " tag="246"><subfield code="a">News</subfield></datafield><datafield ind1="3" ind2=" " tag="246"><subfield code="a">Enid news &amp; eagle</subfield></datafield><datafield ind1="3" ind2=" " tag="246"><subfield code="a">Enid news and eagle</subfield></datafield><datafield ind1=" " ind2=" " tag="260"><subfield code="a">Enid, Okla. :</subfield><subfield code="b">Enid Pub. Co.</subfield></datafield><datafield ind1=" " ind2=" " tag="300"><subfield code="a">v.</subfield></datafield><datafield ind1=" " ind2=" " tag="310"><subfield code="a">Daily</subfield></datafield><datafield ind1="0" ind2=" " tag="362"><subfield code="a">Vol. 30, no. 65 (Feb. 20, 1923)- v. 95, no. 117 (Feb. 28, 1989).</subfield></datafield><datafield ind1=" " ind2=" " tag="500"><subfield code="a">On Saturdays published as: Enid news and eagle, Dec. 12, 1987-Feb. 25, 1989.</subfield></datafield><datafield ind1=" " ind2="0" tag="651"><subfield code="a">Enid (Okla.)</subfield><subfield code="v">Newspapers.</subfield></datafield><datafield ind1=" " ind2="0" tag="651"><subfield code="a">Garfield County (Okla.)</subfield><subfield code="v">Newspapers.</subfield></datafield><datafield ind1=" " ind2="7" tag="655"><subfield code="a">Newspapers.</subfield><subfield code="2">fast</subfield><subfield code="0">(OCoLC)fst01423814</subfield></datafield><datafield ind1=" " ind2="7" tag="651"><subfield code="a">Oklahoma</subfield><subfield code="z">Enid.</subfield><subfield code="2">fast</subfield><subfield code="0">(OCoLC)fst01220626</subfield></datafield><datafield ind1=" " ind2="7" tag="651"><subfield code="a">Oklahoma</subfield><subfield code="z">Garfield County.</subfield><subfield code="2">fast</subfield><subfield code="0">(OCoLC)fst01221561</subfield></datafield><datafield ind1=" " ind2=" " tag="752"><subfield code="a">United States</subfield><subfield code="b">Oklahoma</subfield><subfield code="c">Garfield</subfield><subfield code="d">Enid.</subfield></datafield><datafield ind1="0" ind2="0" tag="780"><subfield code="t">Enid daily morning news</subfield><subfield code="w">(DLC)sn 96087795</subfield><subfield code="w">(OCoLC)34774575</subfield></datafield><datafield ind1="0" ind2="7" tag="785"><subfield code="t">Enid daily eagle</subfield><subfield code="w">(DLC)sn 95063975</subfield><subfield code="w">(OCoLC)32195146</subfield></datafield><datafield ind1="0" ind2="7" tag="785"><subfield code="t">Enid news and eagle</subfield><subfield code="w">(DLC)sn 96087797</subfield><subfield code="w">(OCoLC)32180212</subfield></datafield></record>